@inproceedings{webforum,
author = {Macdonald, Mitch and Frank, Richard and Mei, Joseph and Monk, Bryan},
year = {2015},
month = {08},
pages = {926-933},
title = {Identifying Digital Threats in a Hacker Web Forum},
doi = {10.1145/2808797.2808878}
}

@inproceedings{WWW'19,
author = {Ariana Mirian, Joe DeBlasio, Stefan Savage, Geoffrey M. Voelker and Kurt Thomas},
year = {2019},
month = {05},
pages = {1279-1289},
title = {Hack for Hire: Exploring the Emerging Market for Account Hijacking},
doi = {10.1145/3308558.3313489},
}

@online{codeinjection,
	ALTauthor = {OWASP=},
	title = {Code Injection},
	date = {12/31/2013},
	url = {https://www.owasp.org/index.php/Code_Injection},
}

